<record><leader>00000cas a22000007a 4500</leader><controlfield tag="001">10227798</controlfield><controlfield tag="008">831216d19061915ksucr ne      0   a0eng d</controlfield><datafield ind1=" " ind2=" " tag="010"><subfield code="a">sn 83041161 </subfield></datafield><datafield ind1=" " ind2=" " tag="040"><subfield code="a">KSH</subfield><subfield code="b">eng</subfield><subfield code="c">KSH</subfield><subfield code="d">NPT</subfield><subfield code="d">OCLCQ</subfield></datafield><datafield ind1=" " ind2=" " tag="042"><subfield code="a">msc</subfield></datafield><datafield ind1=" " ind2=" " tag="043"><subfield code="a">n-us-ks</subfield></datafield><datafield ind1="0" ind2=" " tag="130"><subfield code="a">Burlington republican (Burlington, Kan. : 1906 : Semiweekly)</subfield></datafield><datafield ind1="1" ind2="4" tag="245"><subfield code="a">The Burlington republican.</subfield></datafield><datafield ind1=" " ind2=" " tag="260"><subfield code="a">Burlington, Kan. :</subfield><subfield code="b">John Redmond,</subfield><subfield code="c">1906-</subfield></datafield><datafield ind1=" " ind2=" " tag="300"><subfield code="a">v. :</subfield><subfield code="b">ill. ;</subfield><subfield code="c">50 cm.</subfield></datafield><datafield ind1=" " ind2=" " tag="310"><subfield code="a">Semiweekly</subfield></datafield><datafield ind1="0" ind2=" " tag="362"><subfield code="a">Vol. 47, no. 33 (Apr. 26, 1906)-</subfield></datafield><datafield ind1="1" ind2=" " tag="362"><subfield code="a">Ceased in Oct. 1915.</subfield></datafield><datafield ind1=" " ind2=" " tag="515"><subfield code="a">Vol. 55, no. 79 misnumbered v. 20.</subfield></datafield><datafield ind1=" " ind2=" " tag="525"><subfield code="a">Includes supplement entitled: Monthly magazine section.</subfield></datafield><datafield ind1=" " ind2=" " tag="530"><subfield code="a">Available on microflm from Micro Photo.</subfield></datafield><datafield ind1=" " ind2=" " tag="752"><subfield code="a">United States</subfield><subfield code="b">Kansas</subfield><subfield code="c">Coffey</subfield><subfield code="d">Burlington.</subfield></datafield><datafield ind1="0" ind2="0" tag="780"><subfield code="t">Burlington republican and the semi-weekly Jeffersonian</subfield><subfield code="w">(DLC)sn 83041159</subfield></datafield><datafield ind1="0" ind2="5" tag="780"><subfield code="t">Burlington independent (Burlington, Kan. : 1912)</subfield><subfield code="g">Oct. 1914</subfield><subfield code="w">(DLC)sn 83041167</subfield></datafield><datafield ind1="1" ind2=" " tag="029"><subfield code="a">AU@</subfield><subfield code="b">000025807608</subfield></datafield></record>